<record><leader>00000cas a22000007a 4500</leader><controlfield tag="001">9248438</controlfield><controlfield tag="008">830223d18261829mduwn ne      0    0eng  </controlfield><datafield ind1=" " ind2=" " tag="010"><subfield code="a">sn 83009646 </subfield></datafield><datafield ind1=" " ind2=" " tag="040"><subfield code="a">DLC</subfield><subfield code="b">eng</subfield><subfield code="c">DLC</subfield><subfield code="d">NPX</subfield><subfield code="d">DLC</subfield><subfield code="d">MFN</subfield><subfield code="d">DLC</subfield><subfield code="d">OCLCQ</subfield></datafield><datafield ind1="0" ind2="4" tag="245"><subfield code="a">The Carrolltonian, or, Spirit of seventy-six.</subfield></datafield><datafield ind1="3" ind2="0" tag="246"><subfield code="a">Spirit of seventy-six</subfield></datafield><datafield ind1=" " ind2=" " tag="260"><subfield code="a">Annapolis, Md. :</subfield><subfield code="b">W. M'Neir</subfield></datafield><datafield ind1=" " ind2=" " tag="300"><subfield code="a">v.</subfield></datafield><datafield ind1=" " ind2=" " tag="310"><subfield code="a">Weekly (semiweekly during sessions of the legislature)</subfield></datafield><datafield ind1="1" ind2=" " tag="362"><subfield code="a">Began in 1826; ceased with Jan. 28, 1829 issue?</subfield></datafield><datafield ind1=" " ind2=" " tag="588"><subfield code="a">Description based on: Jan. 10, 1827.</subfield></datafield><datafield ind1=" " ind2=" " tag="752"><subfield code="a">United States</subfield><subfield code="b">Maryland</subfield><subfield code="c">Anne Arundel</subfield><subfield code="d">Annapolis.</subfield></datafield></record>